@article{lda,
  author  = {David M. Blei et al.}, 
  title   = {Latent Dirichlet Allocation},
  journal = {Journal of Machine Learning Research},
  year    = 2003,
  number  = 3,
  pages   = {993-1022},
  month   = 1
}
